{
  "leader": "04487cam a2200625 a 4500",
  "fields": [
    {
      "001": "ocm43114251\\"
    },
    {
      "003": "OCoLC"
    },
    {
      "005": "20220105153936.0"
    },
    {
      "008": "991220r20001999nyua\\\\\\\\\\b\\\\\\\\001\\0\\eng\\\\"
    },
    {
      "010": {
        "ind1": "\\",
        "ind2": "\\",
        "subfields": [
          {
            "a": "   99086681 "
          }
        ]
      }
    },
    {
      "040": {
        "ind1": "\\",
        "ind2": "\\",
        "subfields": [
          {
            "a": "DLC"
          },
          {
            "b": "eng"
          },
          {
            "c": "DLC"
          },
          {
            "d": "BAKER"
          },
          {
            "d": "YDXCP"
          },
          {
            "d": "BTCTA"
          },
          {
            "d": "UBA"
          },
          {
            "d": "DEBBG"
          },
          {
            "d": "EXW"
          },
          {
            "d": "TLE"
          },
          {
            "d": "ILU"
          },
          {
            "d": "BDX"
          },
          {
            "d": "MUO"
          },
          {
            "d": "DEBSZ"
          },
          {
            "d": "OCLCQ"
          },
          {
            "d": "OCLCO"
          },
          {
            "d": "OCLCQ"
          },
          {
            "d": "DHA"
          },
          {
            "d": "OCLCQ"
          },
          {
            "d": "OCLCF"
          },
          {
            "d": "OCLCO"
          },
          {
            "d": "XFF"
          },
          {
            "d": "CPO"
          },
          {
            "d": "OCL"
          },
          {
            "d": "OCLCO"
          },
          {
            "d": "OCLCQ"
          },
          {
            "d": "FAF"
          },
          {
            "d": "OCLCQ"
          }
        ]
      }
    },
    {
      "020": {
        "ind1": "\\",
        "ind2": "\\",
        "subfields": [
          {
            "a": "156584596X"
          }
        ]
      }
    },
    {
      "020": {
        "ind1": "\\",
        "ind2": "\\",
        "subfields": [
          {
            "a": "9781565845961"
          }
        ]
      }
    },
    {
      "020": {
        "ind1": "\\",
        "ind2": "\\",
        "subfields": [
          {
            "a": "1565846648"
          },
          {
            "q": "(pbk.)"
          }
        ]
      }
    },
    {
      "020": {
        "ind1": "\\",
        "ind2": "\\",
        "subfields": [
          {
            "a": "9781565846647"
          },
          {
            "q": "(pbk.)"
          }
        ]
      }
    },
    {
      "035": {
        "ind1": "\\",
        "ind2": "\\",
        "subfields": [
          {
            "a": "(OCoLC)43114251"
          }
        ]
      }
    },
    {
      "043": {
        "ind1": "\\",
        "ind2": "\\",
        "subfields": [
          {
            "a": "n-us---"
          }
        ]
      }
    },
    {
      "050": {
        "ind1": "0",
        "ind2": "0",
        "subfields": [
          {
            "a": "E169.12"
          },
          {
            "b": ".S285 2000"
          }
        ]
      }
    },
    {
      "082": {
        "ind1": "0",
        "ind2": "0",
        "subfields": [
          {
            "a": "327.14097309045"
          },
          {
            "b": "SAU"
          }
        ]
      }
    },
    {
      "100": {
        "ind1": "1",
        "ind2": "\\",
        "subfields": [
          {
            "a": "Saunders, Frances Stonor."
          }
        ]
      }
    },
    {
      "240": {
        "ind1": "1",
        "ind2": "0",
        "subfields": [
          {
            "a": "Who paid the piper?"
          }
        ]
      }
    },
    {
      "245": {
        "ind1": "1",
        "ind2": "4",
        "subfields": [
          {
            "a": "The cultural cold war :"
          },
          {
            "b": "the CIA and the world of arts and letters /"
          },
          {
            "c": "Frances Stonor Saunders."
          }
        ]
      }
    },
    {
      "260": {
        "ind1": "\\",
        "ind2": "\\",
        "subfields": [
          {
            "a": "New York :"
          },
          {
            "b": "New Press :"
          },
          {
            "b": "Distributed by W.W. Norton & Co.,"
          },
          {
            "c": "2000."
          }
        ]
      }
    },
    {
      "300": {
        "ind1": "\\",
        "ind2": "\\",
        "subfields": [
          {
            "a": "ix, 509 pages :"
          },
          {
            "b": "illustrations ;"
          },
          {
            "c": "24 cm"
          }
        ]
      }
    },
    {
      "336": {
        "ind1": "\\",
        "ind2": "\\",
        "subfields": [
          {
            "a": "text"
          },
          {
            "b": "txt"
          },
          {
            "2": "rdacontent"
          }
        ]
      }
    },
    {
      "337": {
        "ind1": "\\",
        "ind2": "\\",
        "subfields": [
          {
            "a": "unmediated"
          },
          {
            "b": "n"
          },
          {
            "2": "rdamedia"
          }
        ]
      }
    },
    {
      "338": {
        "ind1": "\\",
        "ind2": "\\",
        "subfields": [
          {
            "a": "volume"
          },
          {
            "b": "nc"
          },
          {
            "2": "rdacarrier"
          }
        ]
      }
    },
    {
      "500": {
        "ind1": "\\",
        "ind2": "\\",
        "subfields": [
          {
            "a": "Originally published: Who paid the piper? London : Granta Books, 1999."
          }
        ]
      }
    },
    {
      "504": {
        "ind1": "\\",
        "ind2": "\\",
        "subfields": [
          {
            "a": "Includes bibliographical references (pages 476-480) and index."
          }
        ]
      }
    },
    {
      "505": {
        "ind1": "0",
        "ind2": "0",
        "subfields": [
          {
            "t": "Exquisite Corpse --"
          },
          {
            "t": "Destiny's Elect --"
          },
          {
            "t": "Marxists at the Waldorf --"
          },
          {
            "t": "Democracy's Deminform --"
          },
          {
            "t": "Crusading's the Idea --"
          },
          {
            "t": "'Operation Congress' --"
          },
          {
            "t": "Candy --"
          },
          {
            "t": "Cette Fete Americaine --"
          },
          {
            "t": "The Consortium --"
          },
          {
            "t": "The Truth Campaign --"
          },
          {
            "t": "The New Consensus --"
          },
          {
            "t": "Magazine 'X' --"
          },
          {
            "t": "The Holy Willies --"
          },
          {
            "t": "Music and Truth, ma non troppo --"
          },
          {
            "t": "Ransom's Boys --"
          },
          {
            "t": "Yanqui Doodles --"
          },
          {
            "t": "The Guardian Furies --"
          },
          {
            "t": "When Shrimps Learn to Whistle --"
          },
          {
            "t": "Achilles' Heel --"
          },
          {
            "t": "Cultural NATO --"
          },
          {
            "t": "Caesar of Argentina --"
          },
          {
            "t": "Pen Friends --"
          },
          {
            "t": "Literary Bay of Pigs --"
          },
          {
            "t": "View from the Ramparts --"
          },
          {
            "t": "That Sinking Feeling --"
          },
          {
            "t": "A Bad Bargain."
          }
        ]
      }
    },
    {
      "520": {
        "ind1": "1",
        "ind2": "\\",
        "subfields": [
          {
            "a": "\"In The Cultural Cold War, Frances Stonor Saunders presents for the first time the shocking evidence that the CIA infiltrated every niche of the cultural sphere during the postwar years. In a book that draws together recently declassified documents and exclusive interviews, the author narrates the extraordinary story of a secret campaign in which some of the most vocal exponents of intellectual freedom in the West became instruments of the American government. The CIA's front organizations and the philanthropic foundations that channeled its money also organized conferences, founded magazines, ran congresses, mounted exhibitions, arranged concerts, and flew symphony orchestras around the world.\""
          }
        ]
      }
    },
    {
      "520": {
        "ind1": "8",
        "ind2": "\\",
        "subfields": [
          {
            "a": "\"Many of the period's foremost intellectuals and artists appear in the book: Isaiah Berlin, Clement Greenberg, Sidney Hook, Arthur Koestler, Irving Kristol, Robert Lowell, Henry Luce, Andre Malraux, Mary McCarthy, Reinhold Neibuhr, George Orwell, Jackson Pollock, Bertrand Russell, Jean-Paul Sartre, Arthur Schlesinger, Jr., and Stephen Spender, among others. While many were unwitting participants in the CIA's cultural operation, others were willing collaborators.\"--Jacket."
          }
        ]
      }
    },
    {
      "586": {
        "ind1": "\\",
        "ind2": "\\",
        "subfields": [
          {
            "a": "The Royal Historical Society Gladstone History Book Prize, 1999."
          }
        ]
      }
    },
    {
      "610": {
        "ind1": "1",
        "ind2": "0",
        "subfields": [
          {
            "a": "United States."
          },
          {
            "b": "Central Intelligence Agency"
          },
          {
            "x": "Influence."
          }
        ]
      }
    },
    {
      "651": {
        "ind1": "\\",
        "ind2": "0",
        "subfields": [
          {
            "a": "United States"
          },
          {
            "x": "Cultural policy."
          }
        ]
      }
    },
    {
      "650": {
        "ind1": "\\",
        "ind2": "0",
        "subfields": [
          {
            "a": "Politics and culture"
          },
          {
            "z": "United States."
          }
        ]
      }
    },
    {
      "650": {
        "ind1": "\\",
        "ind2": "0",
        "subfields": [
          {
            "a": "Arts"
          },
          {
            "x": "Political aspects"
          },
          {
            "z": "United States."
          }
        ]
      }
    },
    {
      "650": {
        "ind1": "\\",
        "ind2": "0",
        "subfields": [
          {
            "a": "Arts, American"
          },
          {
            "y": "20th century."
          }
        ]
      }
    },
    {
      "650": {
        "ind1": "\\",
        "ind2": "0",
        "subfields": [
          {
            "a": "Cold War"
          },
          {
            "x": "Social aspects"
          },
          {
            "z": "United States."
          }
        ]
      }
    },
    {
      "650": {
        "ind1": "\\",
        "ind2": "0",
        "subfields": [
          {
            "a": "Freedom and art"
          },
          {
            "x": "Political aspects"
          },
          {
            "z": "United States."
          }
        ]
      }
    },
    {
      "610": {
        "ind1": "1",
        "ind2": "7",
        "subfields": [
          {
            "a": "United States."
          },
          {
            "b": "Central Intelligence Agency."
          },
          {
            "2": "fast"
          },
          {
            "0": "(OCoLC)fst00536259"
          }
        ]
      }
    },
    {
      "650": {
        "ind1": "\\",
        "ind2": "7",
        "subfields": [
          {
            "a": "Arts, American."
          },
          {
            "2": "fast"
          },
          {
            "0": "(OCoLC)fst00817891"
          }
        ]
      }
    },
    {
      "650": {
        "ind1": "\\",
        "ind2": "7",
        "subfields": [
          {
            "a": "Arts"
          },
          {
            "x": "Political aspects."
          },
          {
            "2": "fast"
          },
          {
            "0": "(OCoLC)fst00817791"
          }
        ]
      }
    },
    {
      "650": {
        "ind1": "\\",
        "ind2": "7",
        "subfields": [
          {
            "a": "Cultural policy."
          },
          {
            "2": "fast"
          },
          {
            "0": "(OCoLC)fst00885007"
          }
        ]
      }
    },
    {
      "650": {
        "ind1": "\\",
        "ind2": "7",
        "subfields": [
          {
            "a": "Influence (Literary, artistic, etc.)"
          },
          {
            "2": "fast"
          },
          {
            "0": "(OCoLC)fst00972484"
          }
        ]
      }
    },
    {
      "650": {
        "ind1": "\\",
        "ind2": "7",
        "subfields": [
          {
            "a": "Politics and culture."
          },
          {
            "2": "fast"
          },
          {
            "0": "(OCoLC)fst01069952"
          }
        ]
      }
    },
    {
      "650": {
        "ind1": "\\",
        "ind2": "7",
        "subfields": [
          {
            "a": "Social aspects."
          },
          {
            "2": "fast"
          },
          {
            "0": "(OCoLC)fst01354981"
          }
        ]
      }
    },
    {
      "651": {
        "ind1": "\\",
        "ind2": "7",
        "subfields": [
          {
            "a": "United States."
          },
          {
            "2": "fast"
          },
          {
            "0": "(OCoLC)fst01204155"
          }
        ]
      }
    },
    {
      "647": {
        "ind1": "\\",
        "ind2": "7",
        "subfields": [
          {
            "a": "Cold War"
          },
          {
            "d": "(1945-1989)"
          },
          {
            "2": "fast"
          },
          {
            "0": "(OCoLC)fst01754978"
          }
        ]
      }
    },
    {
      "648": {
        "ind1": "\\",
        "ind2": "7",
        "subfields": [
          {
            "a": "1900-1999"
          },
          {
            "2": "fast"
          }
        ]
      }
    },
    {
      "856": {
        "ind1": "4",
        "ind2": "2",
        "subfields": [
          {
            "3": "Contributor biographical information"
          },
          {
            "u": "http://catdir.loc.gov/catdir/enhancements/fy1505/99086681-b.html"
          }
        ]
      }
    },
    {
      "856": {
        "ind1": "4",
        "ind2": "2",
        "subfields": [
          {
            "3": "Publisher description"
          },
          {
            "u": "http://catdir.loc.gov/catdir/enhancements/fy1505/99086681-d.html"
          }
        ]
      }
    },
    {
      "994": {
        "ind1": "\\",
        "ind2": "\\",
        "subfields": [
          {
            "a": "Z0"
          },
          {
            "b": "NYRVC"
          }
        ]
      }
    },
    {
      "948": {
        "ind1": "\\",
        "ind2": "\\",
        "subfields": [
          {
            "h": "NO HOLDINGS IN NYRVC - 764 OTHER HOLDINGS"
          }
        ]
      }
    },
    {
      "999": {
        "ind1": "\\",
        "ind2": "\\",
        "subfields": [
          {
            "a": "00000000014104"
          }
        ]
      }
    }
  ]
}